
@misc{AutoAugment,
  doi       = {10.48550/ARXIV.1805.09501},
  url       = {https://arxiv.org/abs/1805.09501},
  author    = {Cubuk, Ekin D. and Zoph, Barret and Mane, Dandelion and Vasudevan, Vijay and Le, Quoc V.},
  keywords  = {Computer Vision and Pattern Recognition (cs.CV), Machine Learning (cs.LG), Machine Learning (stat.ML), FOS: Computer and information sciences, FOS: Computer and information sciences},
  title     = {AutoAugment: Learning Augmentation Policies from Data},
  publisher = {arXiv},
  year      = {2018},
  copyright = {arXiv.org perpetual, non-exclusive license}
}

@misc{carparts,
  doi       = {10.48550/ARXIV.1506.08959},
  url       = {https://arxiv.org/abs/1506.08959},
  author    = {Yang, Linjie and Luo, Ping and Loy, Chen Change and Tang, Xiaoou},
  title     = {A Large-Scale Car Dataset for Fine-Grained Categorization and Verification},
  publisher = {arXiv},
  year      = {2015},
  copyright = {arXiv.org perpetual, non-exclusive license}
}

@techreport{cifar,
  author = {Alex Krizhevsky},
  title  = {Learning multiple layers of features from tiny images},
  year   = {2009}
}


@inproceedings{ContrastiveLoss,
  author    = {Hadsell, R. and Chopra, S. and LeCun, Y.},
  booktitle = {2006 IEEE Computer Society Conference on Computer Vision and Pattern Recognition (CVPR'06)},
  title     = {Dimensionality Reduction by Learning an Invariant Mapping},
  year      = {2006},
  volume    = {2},
  number    = {},
  pages     = {1735-1742},
  doi       = {10.1109/CVPR.2006.100}
}

@misc{DenseNet,
  doi       = {10.48550/ARXIV.1608.06993},
  url       = {https://arxiv.org/abs/1608.06993},
  author    = {Huang, Gao and Liu, Zhuang and van der Maaten, Laurens and Weinberger, Kilian Q.},
  keywords  = {Computer Vision and Pattern Recognition (cs.CV), Machine Learning (cs.LG), FOS: Computer and information sciences, FOS: Computer and information sciences},
  title     = {Densely Connected Convolutional Networks},
  publisher = {arXiv},
  year      = {2016},
  copyright = {arXiv.org perpetual, non-exclusive license}
}

@article{EfficientNetV2,
  doi       = {10.48550/ARXIV.2104.00298},
  url       = {https://arxiv.org/abs/2104.00298},
  author    = {Tan, Mingxing and Le, Quoc V.},
  keywords  = {Computer Vision and Pattern Recognition (cs.CV), FOS: Computer and information sciences, FOS: Computer and information sciences},
  title     = {EfficientNetV2: Smaller Models and Faster Training},
  publisher = {arXiv},
  year      = {2021},
  copyright = {arXiv.org perpetual, non-exclusive license}
}

@online{internalexternal,
  author  = {Hamed Ahangari},
  title   = {Internal and External Parts of Cars},
  year    = 2021,
  url     = {https://www.kaggle.com/datasets/hamedahangari/internal-and-external-parts-of-cars},
  urldate = {2022-06-06}
}

@misc{liu2021swin,
  title         = {Swin Transformer: Hierarchical Vision Transformer using Shifted Windows},
  author        = {Ze Liu and Yutong Lin and Yue Cao and Han Hu and Yixuan Wei and Zheng Zhang and Stephen Lin and Baining Guo},
  year          = {2021},
  eprint        = {2103.14030},
  archiveprefix = {arXiv},
  primaryclass  = {cs.CV}
}

@misc{MobilNetV3,
  doi       = {10.48550/ARXIV.1905.02244},
  url       = {https://arxiv.org/abs/1905.02244},
  author    = {Howard, Andrew and Sandler, Mark and Chu, Grace and Chen, Liang-Chieh and Chen, Bo and Tan, Mingxing and Wang, Weijun and Zhu, Yukun and Pang, Ruoming and Vasudevan, Vijay and Le, Quoc V. and Adam, Hartwig},
  keywords  = {Computer Vision and Pattern Recognition (cs.CV), FOS: Computer and information sciences, FOS: Computer and information sciences},
  title     = {Searching for MobileNetV3},
  publisher = {arXiv},
  year      = {2019},
  copyright = {arXiv.org perpetual, non-exclusive license}
}

@misc{musgrave2020pytorch,
  title         = {PyTorch Metric Learning},
  author        = {Kevin Musgrave and Serge Belongie and Ser-Nam Lim},
  year          = {2020},
  eprint        = {2008.09164},
  archiveprefix = {arXiv},
  primaryclass  = {cs.CV}
}

@misc{RandAugment,
  doi       = {10.48550/ARXIV.1909.13719},
  url       = {https://arxiv.org/abs/1909.13719},
  author    = {Cubuk, Ekin D. and Zoph, Barret and Shlens, Jonathon and Le, Quoc V.},
  keywords  = {Computer Vision and Pattern Recognition (cs.CV), FOS: Computer and information sciences, FOS: Computer and information sciences},
  title     = {RandAugment: Practical automated data augmentation with a reduced search space},
  publisher = {arXiv},
  year      = {2019},
  copyright = {arXiv.org perpetual, non-exclusive license}
}

@misc{resnet,
  doi       = {10.48550/ARXIV.1512.03385},
  url       = {https://arxiv.org/abs/1512.03385},
  author    = {He, Kaiming and Zhang, Xiangyu and Ren, Shaoqing and Sun, Jian},
  keywords  = {Computer Vision and Pattern Recognition (cs.CV), FOS: Computer and information sciences, FOS: Computer and information sciences},
  title     = {Deep Residual Learning for Image Recognition},
  publisher = {arXiv},
  year      = {2015},
  copyright = {arXiv.org perpetual, non-exclusive license}
}

@article{signatureVerification,
  author  = {Bromley, Jane and Bentz, James and Bottou, Leon and Guyon, Isabelle and Lecun, Yann and Moore, Cliff and Sackinger, Eduard and Shah, Rookpak},
  year    = {1993},
  month   = {08},
  pages   = {25},
  title   = {Signature Verification using a "Siamese" Time Delay Neural Network},
  volume  = {7},
  journal = {International Journal of Pattern Recognition and Artificial Intelligence},
  doi     = {10.1142/S0218001493000339}
}

@misc{simclr,
  doi       = {10.48550/ARXIV.2002.05709},
  url       = {https://arxiv.org/abs/2002.05709},
  author    = {Chen, Ting and Kornblith, Simon and Norouzi, Mohammad and Hinton, Geoffrey},
  keywords  = {Machine Learning (cs.LG), Computer Vision and Pattern Recognition (cs.CV), Machine Learning (stat.ML), FOS: Computer and information sciences, FOS: Computer and information sciences},
  title     = {A Simple Framework for Contrastive Learning of Visual Representations},
  publisher = {arXiv},
  year      = {2020},
  copyright = {arXiv.org perpetual, non-exclusive license}
}

@online{simclrartikle,
  author  = {Ting Chen, Geoffrey Hinton},
  title   = {Advancing Self-Supervised and Semi-Supervised Learning with SimCLR },
  year    = 2020,
  url     = {https://ai.googleblog.com/2020/04/advancing-self-supervised-and-semi.html},
  urldate = {2022-06-06}
}

@misc{SNRLoss,
  doi       = {10.48550/ARXIV.1904.02616},
  url       = {https://arxiv.org/abs/1904.02616},
  author    = {Yuan, Tongtong and Deng, Weihong and Tang, Jian and Tang, Yinan and Chen, Binghui},
  keywords  = {Computer Vision and Pattern Recognition (cs.CV), FOS: Computer and information sciences, FOS: Computer and information sciences},
  title     = {Signal-to-Noise Ratio: A Robust Distance Metric for Deep Metric Learning},
  publisher = {arXiv},
  year      = {2019},
  copyright = {arXiv.org perpetual, non-exclusive license}
}

@misc{SupConLoss,
  doi       = {10.48550/ARXIV.2004.11362},
  url       = {https://arxiv.org/abs/2004.11362},
  author    = {Khosla, Prannay and Teterwak, Piotr and Wang, Chen and Sarna, Aaron and Tian, Yonglong and Isola, Phillip and Maschinot, Aaron and Liu, Ce and Krishnan, Dilip},
  keywords  = {Machine Learning (cs.LG), Computer Vision and Pattern Recognition (cs.CV), Machine Learning (stat.ML), FOS: Computer and information sciences, FOS: Computer and information sciences},
  title     = {Supervised Contrastive Learning},
  publisher = {arXiv},
  year      = {2020},
  copyright = {arXiv.org perpetual, non-exclusive license}
}

@misc{tinyimagenet,
  title         = {A Downsampled Variant of ImageNet as an Alternative to the CIFAR datasets},
  author        = {Patryk Chrabaszcz and Ilya Loshchilov and Frank Hutter},
  year          = {2017},
  eprint        = {1707.08819},
  archiveprefix = {arXiv},
  primaryclass  = {cs.CV}
}

@misc{TripletLoss,
  doi       = {10.48550/ARXIV.1412.6622},
  url       = {https://arxiv.org/abs/1412.6622},
  author    = {Hoffer, Elad and Ailon, Nir},
  keywords  = {Machine Learning (cs.LG), Computer Vision and Pattern Recognition (cs.CV), Machine Learning (stat.ML), FOS: Computer and information sciences, FOS: Computer and information sciences},
  title     = {Deep metric learning using Triplet network},
  publisher = {arXiv},
  year      = {2014},
  copyright = {arXiv.org perpetual, non-exclusive license}
}

@misc{TrivialAugmentWide,
  doi       = {10.48550/ARXIV.2103.10158},
  url       = {https://arxiv.org/abs/2103.10158},
  author    = {MÃ¼ller, Samuel G. and Hutter, Frank},
  keywords  = {Computer Vision and Pattern Recognition (cs.CV), Machine Learning (cs.LG), FOS: Computer and information sciences, FOS: Computer and information sciences},
  title     = {TrivialAugment: Tuning-free Yet State-of-the-Art Data Augmentation},
  publisher = {arXiv},
  year      = {2021},
  copyright = {arXiv.org perpetual, non-exclusive license}
}

@misc{ViT,
  doi       = {10.48550/ARXIV.2010.11929},
  url       = {https://arxiv.org/abs/2010.11929},
  author    = {Dosovitskiy, Alexey and Beyer, Lucas and Kolesnikov, Alexander and Weissenborn, Dirk and Zhai, Xiaohua and Unterthiner, Thomas and Dehghani, Mostafa and Minderer, Matthias and Heigold, Georg and Gelly, Sylvain and Uszkoreit, Jakob and Houlsby, Neil},
  keywords  = {Computer Vision and Pattern Recognition (cs.CV), Artificial Intelligence (cs.AI), Machine Learning (cs.LG), FOS: Computer and information sciences, FOS: Computer and information sciences},
  title     = {An Image is Worth 16x16 Words: Transformers for Image Recognition at Scale},
  publisher = {arXiv},
  year      = {2020},
  copyright = {arXiv.org perpetual, non-exclusive license}
}
